<record><leader>00000cas a2200000 a 4500</leader><controlfield tag="001">27957760</controlfield><controlfield tag="008">930421d189519uuiluuu ne      0   a0eng c</controlfield><datafield ind1=" " ind2=" " tag="010"><subfield code="a">sn 93055459 </subfield></datafield><datafield ind1=" " ind2=" " tag="040"><subfield code="a">NVF</subfield><subfield code="b">eng</subfield><subfield code="c">NVF</subfield><subfield code="d">NVF</subfield><subfield code="d">OCLCF</subfield><subfield code="d">NVF</subfield><subfield code="d">OCLCO</subfield><subfield code="d">NVF</subfield></datafield><datafield ind1=" " ind2=" " tag="042"><subfield code="a">pcc</subfield></datafield><datafield ind1=" " ind2=" " tag="043"><subfield code="a">n-us-il</subfield></datafield><datafield ind1="0" ind2="4" tag="245"><subfield code="a">The Emden news.</subfield></datafield><datafield ind1=" " ind2=" " tag="260"><subfield code="a">Emden, Ill. :</subfield><subfield code="b">Warren Milby</subfield></datafield><datafield ind1="2" ind2=" " tag="260"><subfield code="3">&lt;&gt;-&lt;&gt;</subfield><subfield code="a">Emden, Ill. :</subfield><subfield code="b">W.W. McCormick and T.T. McCormick</subfield></datafield><datafield ind1="2" ind2=" " tag="260"><subfield code="3">Aug. 1898-1908</subfield><subfield code="a">Emden, Ill. :</subfield><subfield code="b">C.E. Nine</subfield></datafield><datafield ind1="2" ind2=" " tag="260"><subfield code="3">1908-1920</subfield><subfield code="a">Emden, Ill. :</subfield><subfield code="b">C.H. Scholz and W.E. Mickle</subfield></datafield><datafield ind1="2" ind2=" " tag="260"><subfield code="3">Apr. 1920-Sept. 1932</subfield><subfield code="a">Emden, Ill. :</subfield><subfield code="b">W.E. Mickle</subfield></datafield><datafield ind1="2" ind2=" " tag="260"><subfield code="3">Sept. 1932-Sept. 1946</subfield><subfield code="a">Emden, Ill. :</subfield><subfield code="b">Anna Hitchcock</subfield></datafield><datafield ind1="2" ind2=" " tag="260"><subfield code="3">Sept. 1946-1965</subfield><subfield code="a">Emden, Ill. :</subfield><subfield code="b">Dale Frantz</subfield></datafield><datafield ind1="2" ind2=" " tag="260"><subfield code="3">1965-1969</subfield><subfield code="a">Emden, Ill. :</subfield><subfield code="b">Ron and Dean Janssen</subfield></datafield><datafield ind1="3" ind2=" " tag="260"><subfield code="3">1969-&lt;&gt;</subfield><subfield code="a">Emden, Ill. :</subfield><subfield code="b">Dean Janssen</subfield></datafield><datafield ind1=" " ind2=" " tag="300"><subfield code="a">volumes</subfield></datafield><datafield ind1="1" ind2=" " tag="362"><subfield code="a">Began in Aug. 1895.</subfield><subfield code="z">Cf. Centennial Book, 1871-1971.</subfield></datafield><datafield ind1=" " ind2=" " tag="588"><subfield code="a">Description based on: Apr. 14, 1921.</subfield></datafield><datafield ind1=" " ind2=" " tag="588"><subfield code="a">Latest issue consulted: Apr. 13, 1961.</subfield></datafield><datafield ind1=" " ind2="0" tag="651"><subfield code="a">Emden (Ill.)</subfield><subfield code="v">Newspapers.</subfield></datafield><datafield ind1=" " ind2="7" tag="651"><subfield code="a">Illinois</subfield><subfield code="z">Emden.</subfield><subfield code="2">fast</subfield><subfield code="0">(OCoLC)fst01885009</subfield></datafield><datafield ind1=" " ind2="7" tag="655"><subfield code="a">Newspapers.</subfield><subfield code="2">fast</subfield><subfield code="0">(OCoLC)fst01423814</subfield></datafield><datafield ind1=" " ind2=" " tag="752"><subfield code="a">United States</subfield><subfield code="b">Illinois</subfield><subfield code="c">Logan County</subfield><subfield code="d">Emden.</subfield></datafield></record>